<record><leader>00000cas a2200000 a 4500</leader><controlfield tag="001">9573268</controlfield><controlfield tag="008">830603d18701872nyumr ne      0    0eng c</controlfield><datafield ind1=" " ind2=" " tag="010"><subfield code="a">sn 83030555 </subfield></datafield><datafield ind1=" " ind2=" " tag="040"><subfield code="a">NPU</subfield><subfield code="b">eng</subfield><subfield code="c">NPU</subfield><subfield code="d">NPW</subfield><subfield code="d">NPY</subfield><subfield code="d">DLC</subfield><subfield code="d">YOX</subfield><subfield code="d">DLC</subfield><subfield code="d">YOX</subfield><subfield code="d">NYS</subfield><subfield code="d">MGN</subfield><subfield code="d">DLC</subfield><subfield code="d">NVF</subfield><subfield code="d">OCL</subfield><subfield code="d">CRL</subfield><subfield code="d">KRTAS</subfield><subfield code="d">OCLCQ</subfield><subfield code="d">OCLCF</subfield><subfield code="d">OCLCO</subfield><subfield code="d">CRL</subfield><subfield code="d">DLC</subfield><subfield code="d">OCLCO</subfield></datafield><datafield ind1="1" ind2=" " tag="029"><subfield code="a">AU@</subfield><subfield code="b">000020226739</subfield></datafield><datafield ind1=" " ind2=" " tag="042"><subfield code="a">pcc</subfield></datafield><datafield ind1=" " ind2=" " tag="043"><subfield code="a">n-us-ny</subfield></datafield><datafield ind1="0" ind2="0" tag="050"><subfield code="a">Newspaper</subfield></datafield><datafield ind1="0" ind2=" " tag="130"><subfield code="a">National standard (New York, N.Y. : 1870)</subfield></datafield><datafield ind1="1" ind2="4" tag="245"><subfield code="a">The National standard.</subfield></datafield><datafield ind1=" " ind2=" " tag="260"><subfield code="a">New York [N.Y.] :</subfield><subfield code="b">A.M. Powell,</subfield><subfield code="c">1870-1872.</subfield></datafield><datafield ind1=" " ind2=" " tag="300"><subfield code="a">v.</subfield></datafield><datafield ind1=" " ind2=" " tag="310"><subfield code="a">Monthly,</subfield><subfield code="b">1872</subfield></datafield><datafield ind1=" " ind2=" " tag="321"><subfield code="a">Weekly,</subfield><subfield code="b">1870-Dec. 23, 1871</subfield></datafield><datafield ind1="0" ind2=" " tag="362"><subfield code="a">New ser., v. 1, no. 1 (July 30, 1870)-new ser., v. 3, no. 12 (Dec. 1872) = whole no. 1,558-1,634.</subfield></datafield><datafield ind1=" " ind2=" " tag="500"><subfield code="a">"An independent, reform, and literary journal."</subfield></datafield><datafield ind1=" " ind2=" " tag="500"><subfield code="a">Abolitionist.</subfield></datafield><datafield ind1=" " ind2=" " tag="500"><subfield code="a">Editor: Aaron M. Powell.</subfield></datafield><datafield ind1=" " ind2=" " tag="530"><subfield code="a">Available on microfilm from the New York Public Library.</subfield></datafield><datafield ind1=" " ind2="0" tag="650"><subfield code="a">African Americans</subfield><subfield code="z">New York (State)</subfield><subfield code="v">Newspapers.</subfield></datafield><datafield ind1=" " ind2="0" tag="651"><subfield code="a">New York (N.Y.)</subfield><subfield code="v">Newspapers.</subfield></datafield><datafield ind1=" " ind2="7" tag="650"><subfield code="a">African Americans.</subfield><subfield code="2">fast</subfield><subfield code="0">(OCoLC)fst00799558</subfield></datafield><datafield ind1=" " ind2="7" tag="651"><subfield code="a">New York (State)</subfield><subfield code="2">fast</subfield><subfield code="0">(OCoLC)fst01210280</subfield></datafield><datafield ind1=" " ind2="7" tag="651"><subfield code="a">New York (State)</subfield><subfield code="z">New York.</subfield><subfield code="2">fast</subfield><subfield code="0">(OCoLC)fst01204333</subfield></datafield><datafield ind1=" " ind2="7" tag="655"><subfield code="a">Newspapers.</subfield><subfield code="2">fast</subfield><subfield code="0">(OCoLC)fst01423814</subfield></datafield><datafield ind1="1" ind2=" " tag="700"><subfield code="a">Powell, Aaron M.</subfield><subfield code="q">(Aaron Macy),</subfield><subfield code="d">1832-1899.</subfield></datafield><datafield ind1=" " ind2=" " tag="752"><subfield code="a">United States</subfield><subfield code="b">New York</subfield><subfield code="c">New York</subfield><subfield code="d">New York.</subfield></datafield><datafield ind1="0" ind2="8" tag="776"><subfield code="i">Online version:</subfield><subfield code="t">National standard (New York, N.Y. : 1870)</subfield><subfield code="w">(OCoLC)874146103</subfield></datafield><datafield ind1="0" ind2="0" tag="780"><subfield code="t">National anti-slavery standard</subfield><subfield code="w">(DLC)sn 84031875</subfield><subfield code="w">(OCoLC)11306107</subfield></datafield><datafield ind1="0" ind2="4" tag="785"><subfield code="t">National temperance advocate</subfield><subfield code="w">(OCoLC)8555312</subfield></datafield><datafield ind1=" " ind2=" " tag="938"><subfield code="a">Kirtas Technologies, Inc.</subfield><subfield code="b">KRTS</subfield><subfield code="n">736828</subfield></datafield></record>